@Article{hinton06,
  title =	"A Fast Learning Algorithm for Deep Belief Nets",
  author =	"Geoffrey E. Hinton and Simon Osindero and Yee Whye
		 Teh",
  journal =	"Neural Computation",
  year = 	"2006",
  number =	"7",
  volume =	"18",
  bibdate =	"2011-11-17",
  bibsource =	"DBLP,
		 http://dblp.uni-trier.de/db/journals/neco/neco18.html#HintonOT06",
  pages =	"1527--1554",
  URL =  	"http://dx.doi.org/10.1162/neco.2006.18.7.1527",
}

@InCollection{smolensky86,
  author =	"P. Smolensky",
  title =	"Information Processing in Dynamical Systems:
		 Foundations of Harmony Theory",
  pages =	"194--281",
  editor =	"D. E. Rumelhart and J. L. McClelland",
  booktitle =	"Parallel Distributed Processing",
  volume =	"1",
  chapter =	"6",
  publisher =	"MIT Press",
  address =	"Cambridge",
  year = 	"1986",
}

@article{bengio09,
  title={Learning deep architectures for AI},
  author={Bengio, Y.},
  journal={Foundations and Trends{\textregistered} in Machine Learning},
  volume={2},
  number={1},
  pages={1--127},
  year={2009},
  publisher={Now Publishers Inc.}
}

@article{le08,
  title={Representational power of restricted boltzmann machines and deep belief networks},
  author={Le Roux, N. and Bengio, Y.},
  journal={Neural Computation},
  volume={20},
  number={6},
  pages={1631--1649},
  year={2008},
  publisher={MIT Press}
}

@article{bengio07,
  title={Greedy layer-wise training of deep networks},
  author={Bengio, Y. and Lamblin, P. and Popovici, D. and Larochelle, H.},
  journal={Advances in neural information processing systems},
  volume={19},
  pages={153},
  year={2007},
  publisher={MIT; 1998}
}

@article{hinton06reducing,
  title={Reducing the dimensionality of data with neural networks},
  author={Hinton, G.E. and Salakhutdinov, R.R.},
  journal={Science},
  volume={313},
  number={5786},
  pages={504--507},
  year={2006},
  publisher={American Association for the Advancement of Science}
}
